<record><leader>00000cas a22000007a 4500</leader><controlfield tag="001">10255370</controlfield><controlfield tag="008">831229d18551855maudn ne      0    0eng d</controlfield><datafield ind1=" " ind2=" " tag="010"><subfield code="a">sn 83021558 </subfield></datafield><datafield ind1=" " ind2=" " tag="040"><subfield code="a">NPX</subfield><subfield code="b">eng</subfield><subfield code="c">NPX</subfield><subfield code="d">MGN</subfield><subfield code="d">OCLCQ</subfield></datafield><datafield ind1=" " ind2=" " tag="042"><subfield code="a">msc</subfield></datafield><datafield ind1=" " ind2=" " tag="043"><subfield code="a">n-us-ma</subfield></datafield><datafield ind1="0" ind2=" " tag="130"><subfield code="a">Boston evening times (Boston, Mass. : 1855)</subfield></datafield><datafield ind1="1" ind2="0" tag="245"><subfield code="a">Boston evening times.</subfield></datafield><datafield ind1=" " ind2=" " tag="260"><subfield code="a">Boston [Mass.] :</subfield><subfield code="b">George Roberts</subfield></datafield><datafield ind1=" " ind2=" " tag="300"><subfield code="a">v. ;</subfield><subfield code="c">54 cm.</subfield></datafield><datafield ind1=" " ind2=" " tag="310"><subfield code="a">Daily (except Sun.)</subfield></datafield><datafield ind1="1" ind2=" " tag="362"><subfield code="a">Began May 7, 1855; ceased in 1855.</subfield></datafield><datafield ind1=" " ind2=" " tag="500"><subfield code="a">Editor: C.C. Hazewell, 1855.</subfield></datafield><datafield ind1=" " ind2=" " tag="500"><subfield code="a">Democratic.</subfield></datafield><datafield ind1=" " ind2=" " tag="588"><subfield code="a">Description based on: Vol. 39, no. 6115 (May 9, 1855).</subfield></datafield><datafield ind1="1" ind2=" " tag="700"><subfield code="a">Hazewell, Charles Creighton,</subfield><subfield code="d">1814-1883.</subfield></datafield><datafield ind1=" " ind2=" " tag="752"><subfield code="a">United States</subfield><subfield code="b">Massachusetts</subfield><subfield code="c">Suffolk</subfield><subfield code="d">Boston.</subfield></datafield><datafield ind1="0" ind2=" " tag="775"><subfield code="t">Boston morning times</subfield><subfield code="w">(DLC)sn 83021557</subfield></datafield><datafield ind1="1" ind2=" " tag="029"><subfield code="a">AU@</subfield><subfield code="b">000025804627</subfield></datafield></record>